@misc{hanna,
author = {Hanna Instruments},
title = {pH Meter for Water},
howpublished = {\url{https://www.hannainst.com/hi98107-phep-ph-tester.html}},
}