@misc{prr,
author = {Robin Westerik},
title = {RWSUU Preliminary Research Report},
month = {06},
year = {2022},
}

@misc{prr,
author = {Robin Westerik},
title = {RWSUU Technical Report},
month = {06},
year = {2022},
}